@manual{Intel,
    author = {Intel},
    title = {Intel® 64 and IA-32 Architectures Software Developer Manuals},
    publisher = {Intel},
    year = {2019},
}
@manual{AMD,
    author = {AMD},
    title = {System V Application Binary Interface},
    publisher = {AMD},
    year = {2014},
}
@book{川合,
    author = {川合秀実},
    title = {30日でできる！OS自作入門},
    publisher = {マイナビ},
    year = {2006},
}
@book{坂井,
    author = {坂井弘亮},
    title = {12ステップで作る組込みOS自作入門},
    publisher = {カットシステム},
    year = {2010},
}
@book{林,
    author = {林高勲},
    title = {作って理解するOS x86系コンピュータを動かす理論と実装},
    publisher = {技術評論社},
    year = {2019},
}
